@Book{6666827, 
	author={H. Karimipour and V. Dinavahi}, 
	booktitle={2013 North American Power Symposium (NAPS)}, 
	title={Accelerated parallel WLS state estimation for large-scale power systems on GPU}, 
	year={2013}, 
	volume={}, 
	number={}, 
	pages={1-6}, 
	keywords={computerised monitoring;graphics processing units;least squares approximations;multiprocessing systems;power engineering computing;power system measurement;power system reliability;power system state estimation;accelerated parallel WLS state estimation;large-scale power system;GPU;power network;power system monitoring;power system reliability;multicore processor;parallel graphic processing unit;weighted least square;data-parallel implementation;sequential CPU-based program;4992-bus system;computer processing unit;Graphics processing units;State estimation;Vectors;Instruction sets;Kernel;Jacobian matrices;Central Processing Unit;Data parallelism;Graphic processing units (G-PUs);Parallel processing;Power system state estimation;Weighted least squares (WLS)}, 
	doi={10.1109/NAPS.2013.6666827}, 
	ISSN={}, 
	month={Sept}}


